@misc{Elazaar_Raymond-Network,
	title={Modelling Production Networks and Supply Chain Disruption},
	author={Raymond, Harry and Elazaar, Daniel and Norden, Isaac},
	publisher={Australian Bureau of Statistics},
	year={2022}
}

@book{Hosoe_et_al-CGE_textbook,
  title={Textbook of computable general equilibrium modeling: programming and
				 simulations},
  author={Hosoe, Nobuhiro and Gasawa, Kenji and Hashimoto, Hideo},
  year={2010},
  publisher={Springer}
}

@article{Long_Plosser-Real_business_cycles,
  title={Real business cycles},
  author={Long, John B and Plosser, Charles I},
  journal={Journal of political Economy},
  volume={91},
  number={1},
  pages={39--69},
  year={1983},
  publisher={The University of Chicago Press}
}

@article{Kojic-Concavity,
  title={A note on concavity conditions of Cobb--Douglas and CES production function with at least two inputs},
  author={Koji{\'c}, Vedran},
  journal={Studies in Microeconomics},
  volume={9},
  number={1},
  pages={1--10},
  year={2021},
  publisher={SAGE Publications Sage India: New Delhi, India}
}

@article{Reiss_Wolak-Structural_econometrics,
title={Structural econometric modeling: Rationales and examples from industrial organization},
author={Reiss, Peter C and Wolak, Frank A},
journal={Handbook of econometrics},
volume={6},
pages={4277--4415},
year={2007},
publisher={Elsevier}
}

@techreport{CJ,
  title={A Simple But Powerful Simulated Certainty Equivalent Approximation Method for Dynamic Stochastic Problems},
  author={Cai, Yongyang and Judd, Kenneth L},
  year={2021},
  institution={National Bureau of Economic Research}
}

@book{Owen-Empirical_likelihood,
  title={Empirical likelihood},
  author={Owen, Art B},
  year={2001},
  publisher={Chapman and Hall/CRC}
}

@article{Atalay-Sectoral_shocks,
  title={How important are sectoral shocks?},
  author={Atalay, Enghin},
  journal={American Economic Journal: Macroeconomics},
  volume={9},
  number={4},
  pages={254--80},
  year={2017}
}

@book{Stachurski-Economic_dynamics,
  title={Economic dynamics: theory and computation},
  author={Stachurski, John},
  year={2009},
  publisher={MIT Press}
}

@book{Stokey_Lucas-Recursive,
  title={Recursive methods in economic dynamics},
  author={Stokey, Nancy L and Lucas, Robert E. and Prescott Edward C.},
  year={1989},
  publisher={Harvard University Press}
}

@article{Gonzalez_Hernandez-Euler,
  title={On the Euler equation approach to discrete--time nonstationary optimal control problems},
  author={Gonz{\'a}lez-S{\'a}nchez, David and Hern{\'a}ndez-Lerma, On{\'e}simo},
  journal={Journal of Dynamics \& Games},
  volume={1},
  number={1},
  pages={57},
  year={2014},
  publisher={American Institute of Mathematical Sciences}
}

@article{Scheidegger_Bilionis-Gaussian_processes,
  title={Machine learning for high-dimensional dynamic stochastic economies},
  author={Scheidegger, Simon and Bilionis, Ilias},
  journal={Journal of Computational Science},
  volume={33},
  pages={68--82},
  year={2019},
  publisher={Elsevier}
}

@misc{Dixon_Rimmer-Euler_CGE,
	title={Developing a DSGE Consumption Function for a CGE model},
	author={Dixon, Peter B. and Rimmer Maureen R.},
	journal={CoPS Working Paper Series},
	number={G-296},
	publisher={Victoria University},
	year={2020}
}

@book{Berstekas-Reinforcement_learning,
  title={Reinforcement learning and optimal control},
  author={Bertsekas, Dimitri},
  year={2019},
  publisher={Athena Scientific}
}

@article{CJS-Certainty_equivalent,
  title={A nonlinear certainty equivalent approximation method for dynamic stochastic problems},
  author={Cai, Yongyang and Judd, Kenneth and Steinbuks, Jevgenijs},
  journal={Quantitative Economics},
  volume={8},
  number={1},
  pages={117--147},
  year={2017},
  publisher={Wiley Online Library}
}

@article{Rehfeldt-PETSc,
  title={A massively parallel interior-point solver for LPs with generalized arrowhead structure, and applications to energy system models},
  author={Rehfeldt, Daniel and Hobbie, Hannes and Sch{\"o}nheit, David and Koch, Thorsten and M{\"o}st, Dominik and Gleixner, Ambros},
  journal={European Journal of Operational Research},
  volume={296},
  number={1},
  pages={60--71},
  year={2022},
  publisher={Elsevier}
}

@article{Scheidegger_et_al-DEQN,
  title={Deep equilibrium nets},
  author={Azinovic, Marlon and Gaegauf, Luca and Scheidegger, Simon},
  journal={Available at SSRN 3393482},
  year={2019}
}

@article{Fourer_Gay_Kernighan-AMPL,
  title={A modeling language for mathematical programming},
  author={Fourer, Robert and Gay, David M and Kernighan, Brian W},
  journal={Management Science},
  volume={36},
  number={5},
  pages={519--554},
  year={1990},
  publisher={INFORMS}
}

@article{Wachter_Biegler-Ipopt,
  title={On the implementation of an interior-point filter line-search algorithm for large-scale nonlinear programming},
  author={W{\"a}chter, Andreas and Biegler, Lorenz T},
  journal={Mathematical programming},
  volume={106},
  number={1},
  pages={25--57},
  year={2006},
  publisher={Springer}
}


